
@InProceedings{	  zhang2021ignorance,
  title		= {" Ignorance and Prejudice" in Software Fairness},
  author	= {Zhang, Jie M and Harman, Mark},
  booktitle	= {2021 IEEE/ACM 43rd International Conference on Software
		  Engineering (ICSE)},
  pages		= {1436--1447},
  year		= 2021,
  organization	= {IEEE}
}

@Article{	  bellamy2019ai,
  author	= {Bellamy, Rachel KE and Dey, Kuntal and Hind, Michael and
		  Hoffman, Samuel C and Houde, Stephanie and Kannan,
		  Kalapriya and Lohia, Pranay and Martino, Jacquelyn and
		  Mehta, Sameep and Mojsilovi{\'c}, Aleksandra and others},
  journal	= {IBM Journal of Research and Development},
  number	= {4/5},
  pages		= {4--1},
  publisher	= {IBM},
  title		= {AI Fairness 360: An extensible toolkit for detecting and
		  mitigating algorithmic bias},
  volume	= 63,
  year		= 2019
}

@Article{	  wan2021modeling,
  author	= {Wan, Mingyang and Zha, Daochen and Liu, Ninghao and Zou,
		  Na},
  journal	= {arXiv preprint arXiv:2111.03015},
  title		= {Modeling Techniques for Machine Learning Fairness: A
		  Survey},
  year		= 2021
}

@Article{	  baker2022algorithmic,
  title		= {Algorithmic bias in education},
  author	= {Baker, Ryan S and Hawn, Aaron},
  journal	= {International Journal of Artificial Intelligence in
		  Education},
  volume	= {32},
  number	= {4},
  pages		= {1052--1092},
  year		= {2022},
  publisher	= {Springer}
}

@Article{	  panch2019artificial,
  doi		= {10.7189/jogh.09.020318},
  url		= {https://doi.org/10.7189%2Fjogh.09.020318},
  year		= 2019,
  month		= {nov},
  publisher	= {International Global Health Society},
  volume	= {9},
  number	= {2},
  author	= {Trishan Panch and Heather Mattie and Rifat Atun},
  title		= {Artificial intelligence and algorithmic bias: implications
		  for health systems},
  journal	= {Journal of Global Health}
}

@article{zhang2020machine,
  title =   {Machine learning testing: Survey, landscapes and
          horizons},
  author =  {Zhang, Jie M and Harman, Mark and Ma, Lei and Liu,
          Yang},
  journal =     {IEEE Transactions on Software Engineering},
  year =    2020,
  publisher =   {IEEE}
}
